@inproceedings{ontology}
 author = {Wu, Yinghui and Yan, Xifeng and Yang, Shengqi},
 title = {Ontology-based Subgraph Querying},
 booktitle = {Proceedings of the 2013 IEEE International Conference on Data Engineering (ICDE 2013)},
 series = {ICDE '13},
 year = {2013},
 isbn = {978-1-4673-4909-3},
 pages = {697--708},
 numpages = {12},
 url = {http://dx.doi.org/10.1109/ICDE.2013.6544867},
 doi = {10.1109/ICDE.2013.6544867},
 acmid = {2511209},
 publisher = {IEEE Computer Society},
 address = {Washington, DC, USA},
}